<?xml version="1.0" encoding="UTF-8"?>
<collection xmlns:xsi="http://www.w3.org/2001/XMLSchema-instance" xsi:schemaLocation="http://www.loc.gov/MARC21/slim http://www.loc.gov/standards/marcxml/schema/MARC21slim.xsd" xmlns="http://www.loc.gov/MARC21/slim">
<record>
  <leader>01503cam a2200313 a 4500</leader>
  <controlfield tag="001">2752229</controlfield>
  <controlfield tag="003">NNC</controlfield>
  <controlfield tag="005">20140922164655.0</controlfield>
  <controlfield tag="008">941101m19699999iq       b    000 0 ara  </controlfield>
  <datafield tag="010" ind1=" " ind2=" ">
    <subfield code="a">   72265008 /NE/r97</subfield>
    <subfield code="z">   80968444 </subfield>
  </datafield>
  <datafield tag="035" ind1=" " ind2=" ">
    <subfield code="a">(OCoLC)ocm14977769</subfield>
  </datafield>
  <datafield tag="035" ind1=" " ind2=" ">
    <subfield code="9">ARL7402CU</subfield>
  </datafield>
  <datafield tag="035" ind1=" " ind2=" ">
    <subfield code="a">(NNC)2752229</subfield>
  </datafield>
  <datafield tag="040" ind1=" " ind2=" ">
    <subfield code="a">DLC</subfield>
    <subfield code="c">DLC</subfield>
    <subfield code="d">ZCU</subfield>
  </datafield>
  <datafield tag="043" ind1=" " ind2=" ">
    <subfield code="a">a-iq---</subfield>
  </datafield>
  <datafield tag="050" ind1="0" ind2="0">
    <subfield code="a">DS77</subfield>
    <subfield code="b">.W37 1969</subfield>
  </datafield>
  <datafield tag="090" ind1=" " ind2=" ">
    <subfield code="a">DS79.65</subfield>
    <subfield code="b">.W37</subfield>
  </datafield>
  <datafield tag="100" ind1="1" ind2=" ">
    <subfield code="a">Wardī, ʻAlī.</subfield>
  </datafield>
  <datafield tag="245" ind1="1" ind2="0">
    <subfield code="a">Lamaḥāt ijtimāʻīyah min tārīkh al-ʻIrāq al-ḥadīth /</subfield>
    <subfield code="c">ʻAlī al-Wardī.</subfield>
  </datafield>
  <datafield tag="260" ind1=" " ind2=" ">
    <subfield code="a">Baghdād :</subfield>
    <subfield code="b">Maṭbaʻat al-Irshād,</subfield>
    <subfield code="c">1969-</subfield>
  </datafield>
  <datafield tag="300" ind1=" " ind2=" ">
    <subfield code="a">v. ;</subfield>
    <subfield code="c">25 cm.</subfield>
  </datafield>
  <datafield tag="500" ind1=" " ind2=" ">
    <subfield code="a">Title on p. 4 of cover: Social aspects of Iraqi modern history.</subfield>
  </datafield>
  <datafield tag="500" ind1=" " ind2=" ">
    <subfield code="a">Vol. 3-4 published: Maṭbaʻat al-Shaʻab; v. 5, pt. 1, &lt;6   &gt; published: Maṭbaʻat al-Maʻārif; v. 5, pt. 2 published: Maṭbaʻat al-Adīb al-Baghdādīyah.</subfield>
  </datafield>
  <datafield tag="500" ind1=" " ind2=" ">
    <subfield code="a">Includes bibliographical references.</subfield>
  </datafield>
  <datafield tag="505" ind1="0" ind2=" ">
    <subfield code="a">al-juzʾ 1. Min bidāyat al-ʻahd al-ʻUthmānī ḥattá muntaṣaf al-qarn al-tāsiʻ ʻashar -- al-juzʾ 2. Min sanat 1831 ilá sanat 1872 -- al-juzʾ 3. Min ʻām 1876 ilá ʻām 1914 -- al-juzʾ 4. Min ʻām 1914 ilá ʻām 1918 -- al-juzʾ 5. Ḥawla Thawrat al-ʻIshrīn (2 pts.) -- al-juzʾ 6. Min ʻām 1920 ilá ʻām 1924.</subfield>
  </datafield>
  <datafield tag="651" ind1=" " ind2="0">
    <subfield code="a">Iraq</subfield>
    <subfield code="x">History</subfield>
    <subfield code="y">1534-1921.</subfield>
  </datafield>
  <datafield tag="651" ind1=" " ind2="0">
    <subfield code="a">Iraq</subfield>
    <subfield code="x">History</subfield>
    <subfield code="y">Hashemite Kingdom, 1921-1958.</subfield>
  </datafield>
  <datafield tag="740" ind1="0" ind2=" ">
    <subfield code="a">Social aspects of Iraqi modern history.</subfield>
  </datafield>
  <datafield tag="955" ind1=" " ind2=" ">
    <subfield code="b">CU17735785</subfield>
    <subfield code="d">off,glx</subfield>
    <subfield code="e">DS79.65 .W37</subfield>
    <subfield code="v">v.1</subfield>
  </datafield>
</record>
</collection>